@article{miller1976riemann,
  title={Riemann's hypothesis and tests for primality*},
  author={Miller, G.L.},
  journal={Journal of computer and system sciences},
  volume={13},
  number={3},
  pages={300--317},
  year={1976},
  publisher={Elsevier}
  
}
@article{rabin1980probabilistic,
  title={Probabilistic algorithm for testing primality},
  author={Rabin, M.O.},
  journal={Journal of Number Theory},
  volume={12},
  number={1},
  pages={128--138},
  year={1980},
  publisher={Elsevier}
}

@Book{ apostol:76,
	author = "Tom M. Apostol",
	title = "Introduction to Analytic Number Theory",
	publisher = "Springer-Verlag",
	year = "1976",
	edition = "1st"
}

@Book{ euclides:00,
	title = "Os Elementos",
	author = "Euclides and Irineu {Tradutor: Bicubo}",
	publisher = "Editora Unesp",
	edition = "1",
	year = "2009",
	isbn = "978-85-7139-935-8",
	tradutor = "Irineu Bicubo",
	editor = "Irineu Bicubo"
}

