@article{miller1976riemann,
  title={Riemann's hypothesis and tests for primality*},
  author={Miller, G.L.},
  journal={Journal of computer and system sciences},
  volume={13},
  number={3},
  pages={300--317},
  year={1976},
  publisher={Elsevier}
  
}
@article{rabin1980probabilistic,
  title={Probabilistic algorithm for testing primality},
  author={Rabin, M.O.},
  journal={Journal of Number Theory},
  volume={12},
  number={1},
  pages={128--138},
  year={1980},
  publisher={Elsevier}
}

@Book{ apostol:76,
	author = "Tom M. Apostol",
	title = "Introduction to Analytic Number Theory",
	publisher = "Springer-Verlag",
	year = "1976",
	edition = "1st"
}
@book{bicudoelementos,
  title={ELEMENTOS, OS},
  author={BICUDO, I.},
  publisher={Unesp}
}
